<record><leader>00000cas a2200000 a 4500</leader><controlfield tag="001">16993162</controlfield><controlfield tag="008">871117c19779999wauwr ne      0   a0eng d</controlfield><datafield ind1=" " ind2=" " tag="010"><subfield code="a">sn 87093024 </subfield></datafield><datafield ind1=" " ind2=" " tag="040"><subfield code="a">SLZ</subfield><subfield code="b">eng</subfield><subfield code="c">SLZ</subfield><subfield code="d">NSD</subfield><subfield code="d">GUA</subfield><subfield code="d">OCLCQ</subfield><subfield code="d">OCLCF</subfield><subfield code="d">OCLCO</subfield></datafield><datafield ind1=" " ind2=" " tag="012"><subfield code="m">1</subfield></datafield><datafield ind1="1" ind2=" " tag="022"><subfield code="a">1056-8328</subfield><subfield code="l">1056-8328</subfield><subfield code="2">1</subfield></datafield><datafield ind1="1" ind2=" " tag="029"><subfield code="a">AU@</subfield><subfield code="b">000025837852</subfield></datafield><datafield ind1=" " ind2=" " tag="032"><subfield code="a">413380</subfield><subfield code="b">USPS</subfield></datafield><datafield ind1=" " ind2=" " tag="037"><subfield code="b">Outlook, PO Drawer O, Othello, WA 99344</subfield></datafield><datafield ind1=" " ind2=" " tag="042"><subfield code="a">msc</subfield><subfield code="a">nsdp</subfield></datafield><datafield ind1=" " ind2=" " tag="043"><subfield code="a">n-us-wa</subfield></datafield><datafield ind1="0" ind2=" " tag="130"><subfield code="a">Outlook (Othello, Wash.)</subfield></datafield><datafield ind1=" " ind2="4" tag="222"><subfield code="a">The Outlook</subfield><subfield code="b">(Othello, Wash.)</subfield></datafield><datafield ind1="1" ind2="4" tag="245"><subfield code="a">The outlook.</subfield></datafield><datafield ind1="1" ind2="7" tag="246"><subfield code="a">Othello outlook</subfield><subfield code="f">&lt;Apr. 17, 1991-&gt;</subfield></datafield><datafield ind1=" " ind2=" " tag="260"><subfield code="a">Othello, Wash. :</subfield><subfield code="b">Basin Pub. Co.</subfield></datafield><datafield ind1=" " ind2=" " tag="300"><subfield code="a">v.</subfield></datafield><datafield ind1=" " ind2=" " tag="310"><subfield code="a">Weekly</subfield></datafield><datafield ind1="0" ind2=" " tag="362"><subfield code="a">Vol. 28, no. 25 (June 23, 1977)-</subfield></datafield><datafield ind1=" " ind2=" " tag="588"><subfield code="a">Latest issue consulted: Vol. 1, no. 16 (Apr. 17, 1991).</subfield></datafield><datafield ind1=" " ind2="0" tag="651"><subfield code="a">Othello (Wash.)</subfield><subfield code="v">Newspapers.</subfield></datafield><datafield ind1=" " ind2="7" tag="655"><subfield code="a">Newspapers.</subfield><subfield code="2">fast</subfield><subfield code="0">(OCoLC)fst01423814</subfield></datafield><datafield ind1=" " ind2="7" tag="651"><subfield code="a">Washington (State)</subfield><subfield code="z">Othello.</subfield><subfield code="2">fast</subfield><subfield code="0">(OCoLC)fst01231692</subfield></datafield><datafield ind1=" " ind2=" " tag="752"><subfield code="a">United States</subfield><subfield code="b">Washington</subfield><subfield code="c">Adams</subfield><subfield code="d">Othello.</subfield></datafield><datafield ind1="0" ind2="0" tag="780"><subfield code="t">Othello outlook</subfield><subfield code="w">(DLC)sn 88087240</subfield></datafield></record>